@book{EricEvansDDD,
  title  = {Domain-driven design},
  author = {Eric Evans},
  year   = 2003
}

@manual{SpringDataJDBCReference,
  title = {Spring Data JDBC документация},
  media = {eresource},
  url   = {https://docs.spring.io/spring-data/jdbc/docs/current/reference/html/#reference}
}

@manual{SpringReference,
  title = {Spring документация},
  media = {eresource},
  url   = {https://docs.spring.io/spring-framework/docs/current/reference/html/}
}

@manual{HibernateReference,
  title = {Hibernate документация},
  media = {eresource},
  url   = {https://hibernate.org/orm/documentation/5.6/}
}

@manual{SpringDataJPAReference,
  title = {Spring Data JPA документация},
  media = {eresource},
  url   = {https://docs.spring.io/spring-data/jpa/docs/current/reference/html/#reference}
}

@manual{GOST7.1-2003,
  title    = {ГОСТ 7.1-2003},
  subtitle = {Система стандартов по информации, библиотечному и издательскому делу. Библиографическая запись. Библиографическое описание. Общие требования и правила составления},
  media    = {eresource},
  url      = {https://www.internet-law.ru/gosts/gost/1560}
}

@manual{GOST19.701-90ESPD,
  title    = {ГОСТ 19.701-90 ЕСПД},
  subtitle = {Схемы алгоритмов, программ, данных и систем. Обозначения условные и правила выполнения},
  media    = {eresource},
  url      = {https://znaytovar.ru/gost/2/GOST_1970190_ESPD_Sxemy_algori.html}
}
